ISA*00*          *00*          *ZZ*SENDERID       *ZZ*RECEIVERID     *251130*1511*U*00401*125511920*0*P*:~
GS*HP*SENDERID*RECEIVERID*20251130*151102*1*X*004010X091A1~
ST*835*0001*004010X091A1~
BPR*I*104137.02*C*ACH*CC*01*CHK827620**DA*6661912248*762226768*20251130~
TRN*1*REF089035910*PAYER474374~
N1*PR*PAYER_NAME*FI*TAX606922509~
LX*1~
CLP*CLM2025284964*20*172.84*107.64*49.31*C~
CAS*CO*45*14.99~
NM1*82*1*Price*Elias***XX*4679218918~
NM1*IL*1*Martin*Granville***MI*SUBS75LNIYD~
SVC*HC:99203*172.84*107.64*156.95~
DTM*150*D8*20250710~
DTM*405*D8*20251130~
LX*2~
CLP*CLM2025165103*3*971.96*598.69*219.63*2~
CAS*OA*45*42.65~
NM1*82*1*Raymond*Roland***XX*8235522422~
NM1*IL*1*Barry*Randolph***MI*SUB4YRPBYRU~
SVC*HC:99204*971.96*598.69*818.32~
DTM*150*D8*20250311~
DTM*405*D8*20251130~
LX*3~
CLP*CLM2025397151*21*1272.73*774.21*161.61*3~
CAS*PR*45*63.73~
NM1*82*1*Benjamin*Raymond***XX*3910664814~
NM1*IL*1*Davis*Boyd***MI*SUBDOZQI7EQ~
SVC*HC:99204*1272.73*774.21*935.82~
DTM*150*D8*20250318~
DTM*405*D8*20251130~
LX*4~
CLP*CLM2025785472*3*3096.26*1939.49*775.0*B~
NM1*82*1*Hooper*Branden***XX*8491247381~
NM1*IL*1*Bishop*Farah***MI*SUBVV8ZGY7G~
SVC*HC:99203*3096.26*1939.49*2714.49~
DTM*150*D8*20241120~
DTM*405*D8*20251130~
LX*5~
CLP*CLM2025742048*3*2266.6*1983.02*676.37*C~
NM1*82*1*Chapman*Tari***XX*7399855057~
NM1*IL*1*Cooke*Dexter***MI*SUBUZPZO00G~
SVC*HC:99204*2266.6*1983.02*2659.39~
DTM*150*D8*20250624~
DTM*405*D8*20251130~
LX*6~
CLP*CLM2025591554*19*2457.54*1373.47*640.7*B~
CAS*PI*45*140.11~
NM1*82*1*Larson*Francisco***XX*9619166499~
NM1*IL*1*Estrada*Booker***MI*SUB62SVL5TG~
SVC*HC:99204*2457.54*1373.47*2014.17~
DTM*150*D8*20240619~
DTM*405*D8*20251130~
LX*7~
CLP*CLM2025448569*3*3318.95*2006.0*823.05*B~
NM1*82*1*Ingram*Minna***XX*6551989731~
NM1*IL*1*Cochran*Elza***MI*SUBJXU78JXX~
SVC*HC:99204*3318.95*2006.0*2829.05~
DTM*150*D8*20241108~
DTM*405*D8*20251130~
LX*8~
CLP*CLM2025549236*19*3419.23*2672.21*497.68*3~
CAS*OA*45*250.68~
NM1*82*1*Bishop*Wilbert***XX*1954538919~
NM1*IL*1*House*Eugenio***MI*SUB3E2SPWGG~
SVC*HC:99204*3419.23*2672.21*3169.89~
DTM*150*D8*20251117~
DTM*405*D8*20251130~
LX*9~
CLP*CLM2025395388*4*3595.21*3181.18*441.33*B~
NM1*82*1*Benjamin*Raymond***XX*3910664814~
NM1*IL*1*Brady*Seth***MI*SUBFSMOZSR2~
SVC*HC:99203*3595.21*3181.18*3622.51~
DTM*150*D8*20240423~
DTM*405*D8*20251130~
LX*10~
CLP*CLM2025895604*19*2988.97*1654.02*557.94*C~
NM1*82*1*Alston*Truman***XX*4966668484~
NM1*IL*1*Gonzales*September***MI*SUB2PM9L9O0~
SVC*HC:99213*2988.97*1654.02*2211.96~
DTM*150*D8*20251011~
DTM*405*D8*20251130~
LX*11~
CLP*CLM2025769025*2*768.06*462.37*142.31*2~
NM1*82*1*Norton*Booker***XX*1585702813~
NM1*IL*1*Holland*Jarvis***MI*SUBNLSVB06E~
SVC*HC:99204*768.06*462.37*604.68~
DTM*150*D8*20250913~
DTM*405*D8*20251130~
LX*12~
CLP*CLM2025429449*22*1333.71*897.96*144.89*C~
NM1*82*1*Mcfarland*Dewayne***XX*2853731086~
NM1*IL*1*Snow*Yuriko***MI*SUB1HY48PDT~
SVC*HC:99204*1333.71*897.96*1042.85~
DTM*150*D8*20250904~
DTM*405*D8*20251130~
LX*13~
CLP*CLM2025099758*22*4134.1*2848.59*422.04*1~
CAS*OA*45*364.55~
NM1*82*1*Reyes*Emilee***XX*5652612030~
NM1*IL*1*Gaines*Chantay***MI*SUBMCLBZWU0~
SVC*HC:99214*4134.1*2848.59*3270.63~
DTM*150*D8*20250531~
DTM*405*D8*20251130~
LX*14~
CLP*CLM2025369647*20*578.36*473.93*152.26*1~
NM1*82*1*Shelton*Sherly***XX*8860408835~
NM1*IL*1*Bender*Arica***MI*SUBXYYOWCI5~
SVC*HC:99214*578.36*473.93*626.19~
DTM*150*D8*20241115~
DTM*405*D8*20251130~
LX*15~
CLP*CLM2025219797*3*194.49*130.42*56.59*C~
CAS*PR*45*19.09~
NM1*82*1*Smith*Alvera***XX*1738955659~
NM1*IL*1*Santana*Emmitt***MI*SUB5K97U0LB~
SVC*HC:99204*194.49*130.42*187.01~
DTM*150*D8*20250622~
DTM*405*D8*20251130~
LX*16~
CLP*CLM2025916096*4*472.66*290.03*134.98*2~
CAS*PI*45*15.76~
NM1*82*1*Richardson*Louis***XX*1817877918~
NM1*IL*1*Shepard*Ruthe***MI*SUBQ3O2YICH~
SVC*HC:99214*472.66*290.03*425.01~
DTM*150*D8*20250824~
DTM*405*D8*20251130~
LX*17~
CLP*CLM2025488911*3*4269.01*3731.5*720.74*3~
CAS*PR*45*556.43~
NM1*82*1*Mccullough*Julene***XX*1101101767~
NM1*IL*1*Barry*Randolph***MI*SUB4YRPBYRU~
SVC*HC:99213*4269.01*3731.5*4452.24~
DTM*150*D8*20251005~
DTM*405*D8*20251130~
LX*18~
CLP*CLM2025074537*21*559.46*445.0*150.58*2~
NM1*82*1*Raymond*Olene***XX*3901928278~
NM1*IL*1*Porter*China***MI*SUBJ6XTN2TC~
SVC*HC:99204*559.46*445.0*595.58~
DTM*150*D8*20241026~
DTM*405*D8*20251130~
LX*19~
CLP*CLM2025696909*20*1730.69*975.99*295.25*C~
CAS*PR*45*101.05~
NM1*82*1*Bishop*Wilbert***XX*1954538919~
NM1*IL*1*Wiggins*Rufus***MI*SUB27JSKZ84~
SVC*HC:99204*1730.69*975.99*1271.24~
DTM*150*D8*20251118~
DTM*405*D8*20251130~
LX*20~
CLP*CLM2025199089*21*2679.98*2293.97*524.57*B~
NM1*82*1*Mccarthy*Karey***XX*7802090205~
NM1*IL*1*Meadows*Zenia***MI*SUBB4W0QX45~
SVC*HC:99203*2679.98*2293.97*2818.54~
DTM*150*D8*20250520~
DTM*405*D8*20251130~
LX*21~
CLP*CLM2025127116*19*766.94*604.75*119.9*C~
NM1*82*1*Bishop*Elmer***XX*4207238865~
NM1*IL*1*Trevino*Darius***MI*SUBIA5E0A9C~
SVC*HC:99203*766.94*604.75*724.65~
DTM*150*D8*20251105~
DTM*405*D8*20251130~
LX*22~
CLP*CLM2025078493*4*522.91*380.03*80.5*C~
CAS*PI*45*45.45~
NM1*82*1*Taylor*Dane***XX*6199253840~
NM1*IL*1*Martin*Granville***MI*SUBS75LNIYD~
SVC*HC:99213*522.91*380.03*460.53~
DTM*150*D8*20241212~
DTM*405*D8*20251130~
LX*23~
CLP*CLM2025782316*3*223.44*154.12*31.09*B~
CAS*PR*45*13.11~
NM1*82*1*Richardson*Louis***XX*1817877918~
NM1*IL*1*Snow*Yuriko***MI*SUB1HY48PDT~
SVC*HC:99214*223.44*154.12*185.21~
DTM*150*D8*20251026~
DTM*405*D8*20251130~
LX*24~
CLP*CLM2025466571*22*1993.75*1140.75*529.94*B~
NM1*82*1*Gutierrez*Timika***XX*8228610645~
NM1*IL*1*Reese*Lawrence***MI*SUB1EJBXDHR~
SVC*HC:99213*1993.75*1140.75*1670.69~
DTM*150*D8*20250913~
DTM*405*D8*20251130~
LX*25~
CLP*CLM2025223437*4*1102.04*904.06*115.81*3~
CAS*PI*45*114.02~
NM1*82*1*Day*Cleopatra***XX*3911397829~
NM1*IL*1*Good*Russel***MI*SUBDWSDOALY~
SVC*HC:99214*1102.04*904.06*1019.87~
DTM*150*D8*20241110~
DTM*405*D8*20251130~
LX*26~
CLP*CLM2025088628*1*2968.53*2631.39*664.31*B~
NM1*82*1*Johnston*Temika***XX*2833510788~
NM1*IL*1*Ramos*Aliza***MI*SUBO2YGDBLX~
SVC*HC:99213*2968.53*2631.39*3295.7~
DTM*150*D8*20250213~
DTM*405*D8*20251130~
LX*27~
CLP*CLM2025048058*1*2621.04*1346.6*698.93*1~
CAS*CO*45*120.37~
NM1*82*1*Short*Estefana***XX*1245015236~
NM1*IL*1*Santana*Emmitt***MI*SUB5K97U0LB~
SVC*HC:99204*2621.04*1346.6*2045.53~
DTM*150*D8*20250126~
DTM*405*D8*20251130~
LX*28~
CLP*CLM2025758601*20*242.71*163.06*53.4*3~
NM1*82*1*Compton*Marquis***XX*5441480995~
NM1*IL*1*Martin*Granville***MI*SUBS75LNIYD~
SVC*HC:99204*242.71*163.06*216.46~
DTM*150*D8*20250304~
DTM*405*D8*20251130~
LX*29~
CLP*CLM2025028507*4*1141.78*602.36*212.32*C~
NM1*82*1*Gutierrez*Timika***XX*8228610645~
NM1*IL*1*Berry*Irwin***MI*SUBNQZ80ZOT~
SVC*HC:99204*1141.78*602.36*814.68~
DTM*150*D8*20250223~
DTM*405*D8*20251130~
LX*30~
CLP*CLM2025617185*22*182.06*148.05*50.58*C~
CAS*PI*45*16.71~
NM1*82*1*Wood*Hank***XX*3653259922~
NM1*IL*1*Rodriguez*Margene***MI*SUBF6BI4BNF~
SVC*HC:99213*182.06*148.05*198.63~
DTM*150*D8*20250511~
DTM*405*D8*20251130~
LX*31~
CLP*CLM2025174785*3*4611.02*4032.99*1206.67*B~
CAS*PI*45*234.97~
NM1*82*1*Pittman*Nevada***XX*6719486849~
NM1*IL*1*Bradley*Sabine***MI*SUBX893NVQ6~
SVC*HC:99204*4611.02*4032.99*5239.66~
DTM*150*D8*20250403~
DTM*405*D8*20251130~
LX*32~
CLP*CLM2025185523*1*1117.72*912.44*255.67*3~
CAS*PR*45*93.46~
NM1*82*1*Bryant*Renaldo***XX*6769103202~
NM1*IL*1*Reese*Lawrence***MI*SUB1EJBXDHR~
SVC*HC:99214*1117.72*912.44*1168.11~
DTM*150*D8*20250804~
DTM*405*D8*20251130~
LX*33~
CLP*CLM2025003996*22*3307.4*2508.69*685.52*2~
CAS*PI*45*281.53~
NM1*82*1*Sampson*Lucina***XX*1457805721~
NM1*IL*1*Carson*Dean***MI*SUB67EQ0HYQ~
SVC*HC:99214*3307.4*2508.69*3194.21~
DTM*150*D8*20251021~
DTM*405*D8*20251130~
LX*34~
CLP*CLM2025113663*22*360.82*192.36*89.88*1~
CAS*PI*45*14.82~
NM1*82*1*Mcfarland*Dewayne***XX*2853731086~
NM1*IL*1*Sutton*Garnett***MI*SUBM56XEZ9S~
SVC*HC:99203*360.82*192.36*282.24~
DTM*150*D8*20250614~
DTM*405*D8*20251130~
LX*35~
CLP*CLM2025845711*22*2031.57*1164.26*236.03*C~
NM1*82*1*Norton*Booker***XX*1585702813~
NM1*IL*1*Gamble*Roman***MI*SUBVWCGTE1D~
SVC*HC:99203*2031.57*1164.26*1400.29~
DTM*150*D8*20251008~
DTM*405*D8*20251130~
LX*36~
CLP*CLM2025493790*20*1026.73*618.4*205.54*3~
NM1*82*1*Hinton*Mee***XX*2922368490~
NM1*IL*1*Bullock*Shay***MI*SUB67W6PW7O~
SVC*HC:99214*1026.73*618.4*823.94~
DTM*150*D8*20250328~
DTM*405*D8*20251130~
LX*37~
CLP*CLM2025695474*1*4748.65*4088.38*660.11*3~
NM1*82*1*Day*Cleopatra***XX*3911397829~
NM1*IL*1*Crawford*Aron***MI*SUB9NXNKQ58~
SVC*HC:99213*4748.65*4088.38*4748.49~
DTM*150*D8*20251025~
DTM*405*D8*20251130~
LX*38~
CLP*CLM2025015345*21*2829.35*1767.13*297.15*2~
CAS*CO*45*121.42~
NM1*82*1*Norris*Gayle***XX*7330690034~
NM1*IL*1*Santos*Wayne***MI*SUBHPGE4DJ3~
SVC*HC:99213*2829.35*1767.13*2064.28~
DTM*150*D8*20240908~
DTM*405*D8*20251130~
LX*39~
CLP*CLM2025427478*19*147.31*82.42*31.62*A~
NM1*82*1*Gilliam*Bertram***XX*1098378534~
NM1*IL*1*Waller*Gus***MI*SUB409Y0A9F~
SVC*HC:99203*147.31*82.42*114.04~
DTM*150*D8*20251112~
DTM*405*D8*20251130~
LX*40~
CLP*CLM2025728076*21*1036.56*738.6*253.05*2~
CAS*PR*45*50.62~
NM1*82*1*Montgomery*Rick***XX*3497096674~
NM1*IL*1*Thomas*Thalia***MI*SUB1FRRSRYD~
SVC*HC:99204*1036.56*738.6*991.65~
DTM*150*D8*20251115~
DTM*405*D8*20251130~
LX*41~
CLP*CLM2025396499*4*1206.25*896.82*222.62*B~
NM1*82*1*Chapman*Tari***XX*7399855057~
NM1*IL*1*Porter*China***MI*SUBJ6XTN2TC~
SVC*HC:99213*1206.25*896.82*1119.44~
DTM*150*D8*20241219~
DTM*405*D8*20251130~
LX*42~
CLP*CLM2025582187*22*2941.41*2044.99*298.12*B~
NM1*82*1*Fulton*Tommye***XX*9656115675~
NM1*IL*1*Albert*Stanford***MI*SUBTEDSWLGB~
SVC*HC:99214*2941.41*2044.99*2343.11~
DTM*150*D8*20250422~
DTM*405*D8*20251130~
LX*43~
CLP*CLM2025752866*20*1985.38*1441.77*585.14*3~
CAS*CO*45*204.79~
NM1*82*1*Collins*Earlie***XX*7961496504~
NM1*IL*1*Rodriguez*Margene***MI*SUBF6BI4BNF~
SVC*HC:99214*1985.38*1441.77*2026.91~
DTM*150*D8*20250412~
DTM*405*D8*20251130~
LX*44~
CLP*CLM2025209577*20*4545.06*3224.3*1165.44*2~
NM1*82*1*Fischer*Elvis***XX*6878539927~
NM1*IL*1*Perkins*Deedra***MI*SUBY1KYNH5G~
SVC*HC:99204*4545.06*3224.3*4389.74~
DTM*150*D8*20251124~
DTM*405*D8*20251130~
LX*45~
CLP*CLM2025717731*1*3720.08*2988.34*571.94*3~
NM1*82*1*Russo*Fritz***XX*4671931879~
NM1*IL*1*Boyer*Eleonor***MI*SUBUVYXHT8R~
SVC*HC:99203*3720.08*2988.34*3560.28~
DTM*150*D8*20250126~
DTM*405*D8*20251130~
LX*46~
CLP*CLM2025803544*1*2500.67*1473.69*277.01*1~
CAS*PI*45*145.28~
NM1*82*1*Rivas*Pete***XX*1707592176~
NM1*IL*1*Larsen*Laurence***MI*SUB6A2Q3CBC~
SVC*HC:99203*2500.67*1473.69*1750.7~
DTM*150*D8*20250803~
DTM*405*D8*20251130~
LX*47~
CLP*CLM2025787228*2*926.48*609.15*149.96*2~
NM1*82*1*Wood*Hank***XX*3653259922~
NM1*IL*1*Bender*Arica***MI*SUBXYYOWCI5~
SVC*HC:99213*926.48*609.15*759.11~
DTM*150*D8*20250216~
DTM*405*D8*20251130~
LX*48~
CLP*CLM2025650559*4*2464.0*2076.28*566.39*1~
NM1*82*1*Ellis*Carmelina***XX*3196517022~
NM1*IL*1*Osborn*Hiroko***MI*SUBB2XHZ5W8~
SVC*HC:99204*2464.0*2076.28*2642.67~
DTM*150*D8*20250628~
DTM*405*D8*20251130~
LX*49~
CLP*CLM2025807542*22*2575.75*1405.02*547.67*3~
NM1*82*1*Day*Wade***XX*0250966848~
NM1*IL*1*Frederick*Mason***MI*SUBXSEFW1NX~
SVC*HC:99204*2575.75*1405.02*1952.69~
DTM*150*D8*20241117~
DTM*405*D8*20251130~
LX*50~
CLP*CLM2025458347*1*1603.82*1374.17*245.64*2~
NM1*82*1*Pittman*Nevada***XX*6719486849~
NM1*IL*1*Avery*Regena***MI*SUB4RSYTKFJ~
SVC*HC:99213*1603.82*1374.17*1619.81~
DTM*150*D8*20251001~
DTM*405*D8*20251130~
LX*51~
CLP*CLM2025303393*3*2916.51*1627.56*818.21*A~
NM1*82*1*Rivas*Pete***XX*1707592176~
NM1*IL*1*Sampson*Delena***MI*SUBUTEH4TTE~
SVC*HC:99204*2916.51*1627.56*2445.77~
DTM*150*D8*20250308~
DTM*405*D8*20251130~
LX*52~
CLP*CLM2025741980*3*1730.39*1454.44*426.48*2~
CAS*CO*45*77.27~
NM1*82*1*Mcfarland*Dewayne***XX*2853731086~
NM1*IL*1*Meyer*Marya***MI*SUBEIVW65FU~
SVC*HC:99214*1730.39*1454.44*1880.92~
DTM*150*D8*20251118~
DTM*405*D8*20251130~
LX*53~
CLP*CLM2025957502*20*1423.95*1031.17*188.06*2~
CAS*PI*45*67.47~
NM1*82*1*Wheeler*Rashad***XX*9379671103~
NM1*IL*1*Beasley*Margurite***MI*SUBQMED7RTJ~
SVC*HC:99214*1423.95*1031.17*1219.23~
DTM*150*D8*20250514~
DTM*405*D8*20251130~
LX*54~
CLP*CLM2025947744*20*237.83*145.31*55.53*A~
NM1*82*1*Raymond*Olene***XX*3901928278~
NM1*IL*1*Waller*Gus***MI*SUB409Y0A9F~
SVC*HC:99214*237.83*145.31*200.84~
DTM*150*D8*20241213~
DTM*405*D8*20251130~
LX*55~
CLP*CLM2025731383*2*504.64*260.83*93.02*3~
NM1*82*1*Sampson*Lucina***XX*1457805721~
NM1*IL*1*Pitts*Delta***MI*SUBK73MLFHW~
SVC*HC:99203*504.64*260.83*353.85~
DTM*150*D8*20250617~
DTM*405*D8*20251130~
LX*56~
CLP*CLM2025235962*21*1655.72*1317.2*409.6*C~
NM1*82*1*Day*Kelvin***XX*4187207488~
NM1*IL*1*Bradley*Sabine***MI*SUBX893NVQ6~
SVC*HC:99203*1655.72*1317.2*1726.8~
DTM*150*D8*20251001~
DTM*405*D8*20251130~
LX*57~
CLP*CLM2025585302*2*4040.37*2346.98*956.25*3~
CAS*OA*45*291.43~
NM1*82*1*Good*Lawrence***XX*2278237324~
NM1*IL*1*Gallagher*Piedad***MI*SUB7YXD7O5A~
SVC*HC:99204*4040.37*2346.98*3303.23~
DTM*150*D8*20250418~
DTM*405*D8*20251130~
LX*58~
CLP*CLM2025184794*3*1451.23*851.28*171.69*1~
CAS*OA*45*50.59~
NM1*82*1*Norris*Gayle***XX*7330690034~
NM1*IL*1*Hatfield*Long***MI*SUB5IFL8RFH~
SVC*HC:99213*1451.23*851.28*1022.97~
DTM*150*D8*20250706~
DTM*405*D8*20251130~
LX*59~
CLP*CLM2025314800*21*1298.26*955.94*374.68*3~
CAS*CO*45*72.37~
NM1*82*1*Knowles*Rod***XX*4662536580~
NM1*IL*1*Martin*Granville***MI*SUBS75LNIYD~
SVC*HC:99214*1298.26*955.94*1330.62~
DTM*150*D8*20250228~
DTM*405*D8*20251130~
LX*60~
CLP*CLM2025993105*21*1689.11*1247.69*280.12*B~
CAS*CO*45*165.59~
NM1*82*1*Day*Kelvin***XX*4187207488~
NM1*IL*1*Sampson*Delena***MI*SUBUTEH4TTE~
SVC*HC:99204*1689.11*1247.69*1527.81~
DTM*150*D8*20241219~
DTM*405*D8*20251130~
LX*61~
CLP*CLM2025110684*3*2405.85*1956.82*334.57*2~
CAS*PI*45*268.46~
NM1*82*1*Hernandez*Wallace***XX*5578056085~
NM1*IL*1*Mueller*Buford***MI*SUBY4JV93V9~
SVC*HC:99203*2405.85*1956.82*2291.39~
DTM*150*D8*20250515~
DTM*405*D8*20251130~
LX*62~
CLP*CLM2025977512*20*1896.34*1689.65*402.45*B~
CAS*PI*45*236.57~
NM1*82*1*Bryant*Renaldo***XX*6769103202~
NM1*IL*1*Cooke*Dexter***MI*SUBUZPZO00G~
SVC*HC:99213*1896.34*1689.65*2092.1~
DTM*150*D8*20250131~
DTM*405*D8*20251130~
LX*63~
CLP*CLM2025966561*20*174.97*135.29*21.27*3~
NM1*82*1*Mosley*Shelby***XX*4805181215~
NM1*IL*1*Barron*Rob***MI*SUBWP5CHVKC~
SVC*HC:99213*174.97*135.29*156.56~
DTM*150*D8*20250725~
DTM*405*D8*20251130~
LX*64~
CLP*CLM2025056551*3*1503.31*1138.94*289.24*3~
CAS*CO*45*154.54~
NM1*82*1*Brennan*Adolph***XX*3903649233~
NM1*IL*1*Gamble*Roman***MI*SUBVWCGTE1D~
SVC*HC:99214*1503.31*1138.94*1428.18~
DTM*150*D8*20251007~
DTM*405*D8*20251130~
LX*65~
CLP*CLM2025078324*19*3808.35*2900.07*863.16*2~
CAS*PR*45*379.07~
NM1*82*1*Mccarthy*Karey***XX*7802090205~
NM1*IL*1*Snow*Yuriko***MI*SUB1HY48PDT~
SVC*HC:99203*3808.35*2900.07*3763.23~
DTM*150*D8*20250812~
DTM*405*D8*20251130~
LX*66~
CLP*CLM2025526809*3*2300.22*1524.58*554.09*C~
CAS*PI*45*211.28~
NM1*82*1*Douglas*Silva***XX*8750105315~
NM1*IL*1*Robles*Mickey***MI*SUBDE9WBNVG~
SVC*HC:99204*2300.22*1524.58*2078.67~
DTM*150*D8*20251108~
DTM*405*D8*20251130~
LX*67~
CLP*CLM2025347240*1*1424.66*1043.72*360.58*B~
NM1*82*1*Collins*Earlie***XX*7961496504~
NM1*IL*1*Hendrix*Dirk***MI*SUB9095LK0M~
SVC*HC:99214*1424.66*1043.72*1404.3~
DTM*150*D8*20251116~
DTM*405*D8*20251130~
LX*68~
CLP*CLM2025696520*20*3383.38*2030.13*886.23*1~
CAS*CO*45*126.38~
NM1*82*1*Mcbride*Dallas***XX*5803354087~
NM1*IL*1*Norton*Gricelda***MI*SUBZCFJJXMD~
SVC*HC:99204*3383.38*2030.13*2916.36~
DTM*150*D8*20240920~
DTM*405*D8*20251130~
LX*69~
CLP*CLM2025624263*19*2463.02*1381.54*375.79*B~
NM1*82*1*Herman*Shanice***XX*3734463249~
NM1*IL*1*Rutledge*Markus***MI*SUB4XCU78EP~
SVC*HC:99214*2463.02*1381.54*1757.33~
DTM*150*D8*20251023~
DTM*405*D8*20251130~
LX*70~
CLP*CLM2025532547*4*1742.04*1471.23*349.37*A~
NM1*82*1*Lamb*Azucena***XX*6611546522~
NM1*IL*1*Estrada*Booker***MI*SUB62SVL5TG~
SVC*HC:99213*1742.04*1471.23*1820.6~
DTM*150*D8*20240516~
DTM*405*D8*20251130~
LX*71~
CLP*CLM2025773875*4*146.07*105.75*14.64*2~
NM1*82*1*Day*Kelvin***XX*4187207488~
NM1*IL*1*Harmon*Fredda***MI*SUBEAVWFYY4~
SVC*HC:99214*146.07*105.75*120.39~
DTM*150*D8*20251123~
DTM*405*D8*20251130~
LX*72~
CLP*CLM2025520668*2*1877.36*1476.38*518.28*1~
NM1*82*1*Mccarthy*Karey***XX*7802090205~
NM1*IL*1*Martin*Granville***MI*SUBS75LNIYD~
SVC*HC:99213*1877.36*1476.38*1994.66~
DTM*150*D8*20250119~
DTM*405*D8*20251130~
LX*73~
CLP*CLM2025860349*3*2121.06*1483.12*347.03*3~
CAS*OA*45*207.27~
NM1*82*1*Roberts*Kenneth***XX*4486206659~
NM1*IL*1*Ruiz*Gordon***MI*SUBLNI1PI2V~
SVC*HC:99214*2121.06*1483.12*1830.15~
DTM*150*D8*20250501~
DTM*405*D8*20251130~
LX*74~
CLP*CLM2025383102*4*551.96*372.61*76.68*B~
CAS*PI*45*52.03~
NM1*82*1*Hancock*Wilfred***XX*5759307665~
NM1*IL*1*Carson*Dean***MI*SUB67EQ0HYQ~
SVC*HC:99204*551.96*372.61*449.29~
DTM*150*D8*20251022~
DTM*405*D8*20251130~
LX*75~
CLP*CLM2025592866*4*636.07*482.15*136.25*2~
NM1*82*1*Bullock*Wilfred***XX*9737126033~
NM1*IL*1*Gallagher*Piedad***MI*SUB7YXD7O5A~
SVC*HC:99204*636.07*482.15*618.4~
DTM*150*D8*20241107~
DTM*405*D8*20251130~
LX*76~
CLP*CLM2025944043*3*2038.06*1311.53*213.12*A~
NM1*82*1*Harrington*Colin***XX*6656504041~
NM1*IL*1*Davis*Boyd***MI*SUBDOZQI7EQ~
SVC*HC:99204*2038.06*1311.53*1524.65~
DTM*150*D8*20250725~
DTM*405*D8*20251130~
LX*77~
CLP*CLM2025311388*3*4513.18*2712.65*763.19*3~
CAS*PR*45*372.12~
NM1*82*1*Fischer*Elvis***XX*6878539927~
NM1*IL*1*Lawson*Rafael***MI*SUB24GINHFZ~
SVC*HC:99203*4513.18*2712.65*3475.84~
DTM*150*D8*20250929~
DTM*405*D8*20251130~
LX*78~
CLP*CLM2025686432*2*147.36*114.53*27.13*B~
NM1*82*1*Mcbride*Dallas***XX*5803354087~
NM1*IL*1*Talley*Lacy***MI*SUBMN0OX1OY~
SVC*HC:99204*147.36*114.53*141.66~
DTM*150*D8*20250602~
DTM*405*D8*20251130~
LX*79~
CLP*CLM2025232193*3*1284.74*1116.09*356.55*1~
CAS*PR*45*102.54~
NM1*82*1*Herman*Shanice***XX*3734463249~
NM1*IL*1*Sutton*Garnett***MI*SUBM56XEZ9S~
SVC*HC:99204*1284.74*1116.09*1472.64~
DTM*150*D8*20241016~
DTM*405*D8*20251130~
LX*80~
CLP*CLM2025011077*1*930.65*648.58*130.08*1~
CAS*PI*45*59.17~
NM1*82*1*Pittman*Nevada***XX*6719486849~
NM1*IL*1*Le*Chanell***MI*SUBGQ023X1C~
SVC*HC:99203*930.65*648.58*778.66~
DTM*150*D8*20241121~
DTM*405*D8*20251130~
SE*605*0001~
GE*1*1~
IEA*1*125511920~